@article{source01,
    author  = "姉崎祐樹 and 脇田 玲",
    title   = "Intuino: GUIによる フィジカルコンピューティング開発支援環境の構築",
    journal = "ヒューマンコンピュータインタラクション研究会報告",
    number  = "137",
    pages   = "1-4",
    year    = "2010",
}

@article{source02,
    author  = "中澤 仁 and 松野 裕 and 徳田 英幸",
    title   = "D-Caseを用いたユビキタス・センサネットワーク管理ツール(センサネットワーク,特集 ユビキタス・センサネットワークを支えるシステム開発論文)\\A Ubiquitous Sensor Network Management Tool Using D-Case",
    journal = "電子情報通信学会論文誌",
    number  = "J95",
    pages   = "1446-1460",
    year    = "2012",
}

@misc{source03,
  author = "node.js",
  howpublished = "{http://www.nodejs.org/}"
}

@misc{source04,
  author = "mongoDB",
  howpublished = "{http://www.mongodb.org/}"
}

@misc{source05,
  author = "Linda",
  howpublished = "{http://linda.masuilab.org/}"
}

@misc{source06,
  author = "JQueryUI",
  howpublished = "{http://jqueryui.com/}"
}

@misc{source07,
  author = "SVG",
  howpublished = "{http://www.w3.org/Graphics/SVG/}"
}

@misc{source08,
  author = "socket.io",
  howpublished = "{http://socket.io/}"
}
